<?xml version="1.0" encoding="UTF-8"?><collection xmlns="http://www.loc.gov/MARC21/slim"><record><leader>00434nam--2200169-i-4500</leader><controlfield tag="001">000011112</controlfield><controlfield tag="002">20161230</controlfield><controlfield tag="005">20170224014547</controlfield><controlfield tag="008">060222s1000------------r-----000-0-eng-d</controlfield><datafield ind1=" " ind2=" " tag="100"><subfield code="a">Detesan, Al</subfield></datafield><datafield ind1=" " ind2=" " tag="245"><subfield code="a">Cartea gestionarului si a merceologului</subfield></datafield><datafield ind1=" " ind2=" " tag="260"><subfield code="a">Bucuresti</subfield><subfield code="b">Curier,</subfield><subfield code="c">1974</subfield></datafield><datafield ind1=" " ind2=" " tag="300"><subfield code="a">399 p</subfield></datafield><datafield ind1=" " ind2=" " tag="490"><subfield code="a">Viata Economica - Supliment 1974</subfield></datafield><datafield ind1=" " ind2=" " tag="700"><subfield code="a">Tigaeru, Gh</subfield></datafield><datafield ind1=" " ind2=" " tag="852"><subfield code="a">338.06</subfield></datafield><datafield ind1=" " ind2=" " tag="CAT"><subfield code="a">SYS</subfield><subfield code="c">20170224</subfield><subfield code="h">014547</subfield></datafield></record></collection>